<record><leader>00000cas a22000007a 4500</leader><controlfield tag="001">8766377</controlfield><controlfield tag="008">820911d18401848ctuwr ne      0    0eng  </controlfield><datafield ind1=" " ind2=" " tag="010"><subfield code="a">sn 82014027 </subfield></datafield><datafield ind1=" " ind2=" " tag="040"><subfield code="a">DLC</subfield><subfield code="b">eng</subfield><subfield code="c">DLC</subfield><subfield code="d">NPX</subfield><subfield code="d">DLC</subfield><subfield code="d">KNP</subfield><subfield code="d">IUL</subfield><subfield code="d">CNW</subfield><subfield code="d">OCL</subfield><subfield code="d">OCLCO</subfield><subfield code="d">OCLCQ</subfield><subfield code="d">OCLCA</subfield><subfield code="d">OCLCF</subfield></datafield><datafield ind1="1" ind2=" " tag="029"><subfield code="a">AU@</subfield><subfield code="b">000020129780</subfield></datafield><datafield ind1=" " ind2=" " tag="042"><subfield code="a">msc</subfield></datafield><datafield ind1=" " ind2=" " tag="043"><subfield code="a">n-us-ct</subfield></datafield><datafield ind1="0" ind2="0" tag="050"><subfield code="a">Newspaper 7225-X</subfield></datafield><datafield ind1="0" ind2="4" tag="245"><subfield code="a">The People's advocate and New London County Republican.</subfield></datafield><datafield ind1="1" ind2="7" tag="246"><subfield code="a">People's advocate</subfield><subfield code="f">Sept. 16, 1840-</subfield></datafield><datafield ind1=" " ind2=" " tag="260"><subfield code="a">New London, Conn. :</subfield><subfield code="b">Benjamin Bissell,</subfield><subfield code="c">1840-</subfield></datafield><datafield ind1=" " ind2=" " tag="300"><subfield code="a">volumes ;</subfield><subfield code="c">68 cm</subfield></datafield><datafield ind1=" " ind2=" " tag="310"><subfield code="a">Weekly</subfield></datafield><datafield ind1=" " ind2=" " tag="336"><subfield code="a">text</subfield><subfield code="b">txt</subfield><subfield code="2">rdacontent</subfield></datafield><datafield ind1=" " ind2=" " tag="337"><subfield code="a">unmediated</subfield><subfield code="b">n</subfield><subfield code="2">rdamedia</subfield></datafield><datafield ind1=" " ind2=" " tag="338"><subfield code="a">volume</subfield><subfield code="b">nc</subfield><subfield code="2">rdacarrier</subfield></datafield><datafield ind1="0" ind2=" " tag="362"><subfield code="a">Vol. 1, no. 1 (Aug. 26, 1840)-</subfield></datafield><datafield ind1="1" ind2=" " tag="362"><subfield code="a">Ceased in Apr. 1848.</subfield></datafield><datafield ind1=" " ind2=" " tag="500"><subfield code="a">Published as: People's advocate and New-London County Republican, July 1845-&lt;1848&gt;.</subfield></datafield><datafield ind1=" " ind2=" " tag="500"><subfield code="a">Publisher: J. Guy Dolbeare, &lt;1845-1848&gt;.</subfield></datafield><datafield ind1=" " ind2=" " tag="500"><subfield code="a">"Whig," &lt;1845&gt;.</subfield></datafield><datafield ind1=" " ind2=" " tag="500"><subfield code="a">Editors: J. Hyde, 1840; T. Trott, 1840-1841; B. Bissell, 1841-1842; W. Manning, 1843; J. Dolbeare, 1843-1844.</subfield></datafield><datafield ind1=" " ind2=" " tag="515"><subfield code="a">Issues for &lt;July 1845-Mar. 8, 1848&gt; also called: &lt;No. 254-394&gt;.</subfield></datafield><datafield ind1=" " ind2=" " tag="580"><subfield code="a">Daily ed.: Morning news (New London, Conn.), Nov. 8, 1844-1848.</subfield></datafield><datafield ind1=" " ind2="0" tag="651"><subfield code="a">New London (Conn.)</subfield><subfield code="v">Newspapers.</subfield></datafield><datafield ind1=" " ind2="7" tag="655"><subfield code="a">Newspapers.</subfield><subfield code="2">fast</subfield><subfield code="0">(OCoLC)fst01423814</subfield></datafield><datafield ind1=" " ind2="7" tag="651"><subfield code="a">Connecticut</subfield><subfield code="z">New London.</subfield><subfield code="2">fast</subfield><subfield code="0">(OCoLC)fst01205494</subfield></datafield><datafield ind1="1" ind2=" " tag="700"><subfield code="a">Hyde, John Jay.</subfield></datafield><datafield ind1="1" ind2=" " tag="700"><subfield code="a">Trott, Thomas P.</subfield></datafield><datafield ind1="1" ind2=" " tag="700"><subfield code="a">Bissell, Benjamin P.,</subfield><subfield code="d">-1842.</subfield></datafield><datafield ind1="1" ind2=" " tag="700"><subfield code="a">Dolbeare, J. Guy.</subfield></datafield><datafield ind1="1" ind2=" " tag="700"><subfield code="a">Manning, W. D.</subfield></datafield><datafield ind1=" " ind2=" " tag="752"><subfield code="a">United States</subfield><subfield code="b">Connecticut</subfield><subfield code="c">New London</subfield><subfield code="d">New London.</subfield></datafield><datafield ind1="1" ind2=" " tag="775"><subfield code="t">Morning news (New London, Conn.)</subfield><subfield code="w">(DLC)sn 84023023</subfield><subfield code="w">(OCoLC)10707495</subfield></datafield><datafield ind1="0" ind2="0" tag="785"><subfield code="t">New-London weekly chronicle</subfield><subfield code="w">(DLC)sn 84023033</subfield><subfield code="w">(OCoLC)10713497</subfield></datafield></record>